%% example.bib
%% Jeremy Singer
%% 16 Oct 2012

@INPROCEEDINGS{ComputeReuse, 
author={Lee, Jonathan and Mtibaa, Abderrahmen and Mastorakis, Spyridon}, 
booktitle={2019 IEEE Globecom Workshops (GC Wkshps)},   
title={A Case for Compute Reuse in Future Edge Systems: An Empirical Study},  
year={2019},
pages={1-6}, 
doi={10.1109/GCWkshps45667.2019.9024587}
}

@article{Learnware,
author = {Zhou, Zhi-Hua},
year = {2016},
month = {06},
pages = {},
title = {Learnware: on the future of machine learning},
volume = {10},
journal = {Frontiers of Computer Science},
doi = {10.1007/s11704-016-6906-3}
}

@article{KernelMMD,
  author    = {Xi{-}Zhu Wu and
               Wenkai Xu and
               Song Liu and
               Zhi{-}Hua Zhou},
  title     = {Model Reuse with Reduced Kernel Mean Embedding Specification},
  journal   = {CoRR},
  volume    = {abs/2001.07135},
  year      = {2020},
  url       = {https://arxiv.org/abs/2001.07135},
  eprinttype = {arXiv},
  eprint    = {2001.07135},
  timestamp = {Fri, 24 Jan 2020 15:00:57 +0100},
  biburl    = {https://dblp.org/rec/journals/corr/abs-2001-07135.bib},
  bibsource = {dblp computer science bibliography, https://dblp.org}
}

@inproceedings{DNNSimilarity,
author = {Li, Yuanchun and Zhang, Ziqi and Liu, Bingyan and Yang, Ziyue and Liu, Yunxin},
title = {ModelDiff: Testing-Based DNN Similarity Comparison for Model Reuse Detection},
year = {2021},
isbn = {9781450384599},
publisher = {Association for Computing Machinery},
address = {New York, NY, USA},
url = {https://doi.org/10.1145/3460319.3464816},
doi = {10.1145/3460319.3464816},
booktitle = {Proceedings of the 30th ACM SIGSOFT International Symposium on Software Testing and Analysis},
pages = {139–151},
numpages = {13},
keywords = {vulnerability propagation, intellectual property, model reuse, Deep neural networks, similarity comparison},
location = {Virtual, Denmark},
series = {ISSTA 2021}
}

@ARTICLE{DefinitionTL,  
author={Pan, Sinno Jialin and Yang, Qiang},  
journal={IEEE Transactions on Knowledge and Data Engineering},   
title={A Survey on Transfer Learning},   
year={2010},  
volume={22},  
number={10},  
pages={1345-1359},  
doi={10.1109/TKDE.2009.191}}

@InProceedings{L2T,
  title = 	 {Transfer Learning via Learning to Transfer},
  author =       {WEI, Ying and Zhang, Yu and Huang, Junzhou and Yang, Qiang},
  booktitle = 	 {Proceedings of the 35th International Conference on Machine Learning},
  pages = 	 {5085--5094},
  year = 	 {2018},
  editor = 	 {Dy, Jennifer and Krause, Andreas},
  volume = 	 {80},
  series = 	 {Proceedings of Machine Learning Research},
  month = 	 {10--15 Jul},
  publisher =    {PMLR},
  pdf = 	 {http://proceedings.mlr.press/v80/wei18a/wei18a.pdf},
  url = 	 {https://proceedings.mlr.press/v80/wei18a.html},
}

@article{ConceptDrift,
  author    = {Peng Zhao and
               Le{-}Wen Cai and
               Zhi{-}Hua Zhou},
  title     = {Handling Concept Drift via Model Reuse},
  journal   = {CoRR},
  volume    = {abs/1809.02804},
  year      = {2018},
  url       = {http://arxiv.org/abs/1809.02804},
  eprinttype = {arXiv},
  eprint    = {1809.02804},
  timestamp = {Fri, 27 Nov 2020 16:17:36 +0100},
  biburl    = {https://dblp.org/rec/journals/corr/abs-1809-02804.bib},
  bibsource = {dblp computer science bibliography, https://dblp.org}
}

@article{MaterializationReuse,
author = {Hasani, Sona and Thirumuruganathan, Saravanan and Asudeh, Abolfazl and Koudas, Nick and Das, Gautam},
title = {Efficient Construction of Approximate Ad-Hoc ML Models through Materialization and Reuse},
year = {2018},
issue_date = {July 2018},
publisher = {VLDB Endowment},
volume = {11},
number = {11},
issn = {2150-8097},
url = {https://doi.org/10.14778/3236187.3269462},
doi = {10.14778/3236187.3269462},
journal = {Proc. VLDB Endow.},
month = jul,
pages = {1468–1481},
numpages = {14}
}

@ARTICLE{DistributedEstimation,  
author={Li, Chunguang and Huang, Songyan and Liu, Ying and Zhang, Zhaoyang},
journal={IEEE Transactions on Cybernetics},
title={Distributed Jointly Sparse Multitask Learning Over Networks},
year={2018},
volume={48},
number={1},
pages={151-164},
doi={10.1109/TCYB.2016.2626801}}

@article{OriginalMMD,
author = {Gretton, Arthur and Borgwardt, Karsten M. and Rasch, Malte J. and Sch\"{o}lkopf, Bernhard and Smola, Alexander},
title = {A Kernel Two-Sample Test},
year = {2012},
issue_date = {3/1/2012},
publisher = {JMLR.org},
volume = {13},
issn = {1532-4435},
journal = {J. Mach. Learn. Res.},
month = mar,
pages = {723–773},
numpages = {51},
keywords = {schema matching, kernel methods, hypothesis testing, integral probability metric, uniform convergence bounds, two-sample test}
}

@inproceedings{OriginalOCSVM,
author = {Sch\"{o}lkopf, Bernhard and Williamson, Robert and Smola, Alex and Shawe-Taylor, John and Platt, John},
title = {Support Vector Method for Novelty Detection},
year = {1999},
publisher = {MIT Press},
address = {Cambridge, MA, USA},
booktitle = {Proceedings of the 12th International Conference on Neural Information Processing Systems},
pages = {582–588},
numpages = {7},
location = {Denver, CO},
series = {NIPS'99}
}

@inproceedings{OriginalSVR,
author = {Drucker, Harris and Burges, Chris J. C. and Kaufman, Linda and Smola, Alex and Vapnik, Vladimir},
title = {Support Vector Regression Machines},
year = {1996},
publisher = {MIT Press},
address = {Cambridge, MA, USA},
booktitle = {Proceedings of the 9th International Conference on Neural Information Processing Systems},
pages = {155–161},
numpages = {7},
location = {Denver, Colorado},
series = {NIPS'96}
}

@INPROCEEDINGS{GNFUV,  
author={Harth, Natascha and Anagnostopoulos, Christos}, 
booktitle={2018 IEEE International Conference on Edge Computing (EDGE)},   
title={Edge-Centric Efficient Regression Analytics},
year={2018},
pages={93-100},
doi={10.1109/EDGE.2018.00020}}

@article{BMDataset,
title = {A data-driven approach to predict the success of bank telemarketing},
journal = {Decision Support Systems},
volume = {62},
pages = {22-31},
year = {2014},
issn = {0167-9236},
doi = {https://doi.org/10.1016/j.dss.2014.03.001},
url = {https://www.sciencedirect.com/science/article/pii/S016792361400061X},
author = {Sérgio Moro and Paulo Cortez and Paulo Rita},
keywords = {Bank deposits, Telemarketing, Savings, Classification, Neural networks, Variable selection},
}